@misc{pake,
    title     =  {Let's talk about PAKE},
    url       =  {https://blog.cryptographyengineering.com/2018/10/19/lets-talk-about-pake/}
}
@misc{hackernews,
    title     =  {HackerNews Discussion on Encryption Tools},
    url       =  {https://news.ycombinator.com/item?id=19173326}
}
@misc{gtank,
    title     =  {Modern Alternatives to PGP},
    url       =  {https://blog.gtank.cc/modern-alternatives-to-pgp/}
}
@misc{caesar,
    title     =  {Caesar cipher - Wikipedia},
    url       =  {https://en.wikipedia.org/wiki/Caesar_cipher}
}
@ARTICLE{diffie,
  author={W. {Diffie} and M. {Hellman}},
  journal={IEEE Transactions on Information Theory},
  title={New directions in cryptography},
  year={1976},
  volume={22},
  number={6},
  pages={644-654}
}
@inproceedings{imperfect,
  title={Imperfect forward secrecy: How Diffie-Hellman fails in practice},
  author={Adrian, David and Bhargavan, Karthikeyan and Durumeric, Zakir and Gaudry, Pierrick and Green, Matthew and Halderman, J Alex and Heninger, Nadia and Springall, Drew and Thom{\'e}, Emmanuel and Valenta, Luke and others},
  booktitle={Proceedings of the 22nd ACM SIGSAC Conference on Computer and Communications Security},
  pages={5--17},
  year={2015}
}
@article{rivest1978method,
  title={A method for obtaining digital signatures and public-key cryptosystems},
  author={Rivest, Ronald L and Shamir, Adi and Adleman, Leonard},
  journal={Communications of the ACM},
  volume={21},
  number={2},
  pages={120--126},
  year={1978},
  publisher={ACM New York, NY, USA}
}
@techreport{pkcs,
  title={Public-key cryptography standards (PKCS)\# 1: RSA cryptography specifications version 2.1},
  author={Jonsson, Jakob and Kaliski, Burt},
  year={2003},
  institution={RFC 3447, February}
}
